
% libros
@book{Intro_Algorithms,
  title={Introduction to Algorithms},
  author={Thomas H. Cormen, Charles E. Leiserson, Ronald L. Rivest, Clifford Stein},
  year={2001},
  publisher={MIT Press and McGraw-Hill}
}




% Desde Internet
@misc{DukeUniversity, title={Big-Oh for Recursive Functions: Recurrence Relations}, url={http://www.cs.duke.edu/~ola/ap/recurrence.html}, journal={Medium}, publisher={Towards Data Science}, author={Owen L. Astrachan}, year={2017}, month={Apr}}

@misc{MIT, title={Master Theorem: Practice Problems and Solutions}, url={http://www.csail.mit.edu/~thies/6.046-web/master.pdf}, journal={DeepLearningItalia}, publisher={MIT}, author={Computer Science & Artificial Intelligence Laboratory}, year={2018}, month={May}}
